@misc{
wiki_mahalanobis,
Author = {Wikipedia},
Title = {Mahalanobis Distance},
howpublished = {\url{https://en.wikipedia.org/wiki/Mahalanobis_distance}}
}

@misc{
wiki_normal_dist,
Author = {Wikipedia},
Title = {Normal Distribution},
howpublished = {\url{http://en.wikipedia.org/wiki/Normal_distribution}}
}

@misc{
wiki_covariance,
Author = {Wikipedia},
Title = {Sample Mean and Sample Covariance},
howpublished = {\newline
\url{http://en.wikipedia.org/wiki/Sample_mean_and_sample_covariance}}
}

@misc{covar,
Author = {Dr. Balu Santhanam},
Title = {Properties of the Covariance Matrix},
howpublished = {\url{www.ece.unm.edu/faculty/bsanthan/EECE-340/covar.pdf}}
}

@misc{
wiki_overfitting,
Author = {Wikipedia},
Title = {Overfitting},
howpublished = {\url{https://en.wikipedia.org/wiki/Overfitting}}
}

@misc{
numpysite,
Author = {Numpy developers},
Title = {Scientific Computing Tools For Python - Numpy},
howpublished = {\url{http://numpy.scipy.org/}}
}

@misc{
wiki_mv_gauss,
Author = {Wikipedia},
Title = {Multivariate Normal Distribution},
howpublished = {\newline \url{https://en.wikipedia.org/wiki/Multivariate_normal_distribution}}
}

@misc{
wiki_clt,
Author = {Wikipedia},
Title = {Central limit theorem},
howpublished = {\url{http://en.wikipedia.org/wiki/Central_limit_theorem}}
}

@misc{
wiki_pinv,
Author = {Wikipedia},
Title = {Moore-Penrose pseudoinverse},
howpublished = {\newline \url{https://en.wikipedia.org/wiki/Moore%E2%80%93Penrose_pseudoinverse }} 
}

@misc{
wiki_pdet,
Author = {Wikipedia},
Title = {Pseudo-determinant},
howpublished = {\newline \url{https://en.wikipedia.org/wiki/Pseudo-determinant}} 
}
